@misc{spf_economy_2022,
    title={Energy - Key Data - Edition February 2022},
    author={{SPF Economie}},
    institution={SPF Economie},
    year={{Brussels, Februrary 2022}}
}

@article{coppitters2020robust,
  title={Robust design optimization and stochastic performance analysis of a grid-connected photovoltaic system with battery storage and hydrogen storage},
  author={Coppitters, Diederik and De Paepe, Ward and Contino, Francesco},
  journal={Energy},
  volume={213},
  pages={118798},
  year={2020},
  publisher={Elsevier}
}

@article{coppitters2022rheia,
  doi = {10.21105/joss.04370},
  year = {2022},
  publisher = {The Open Journal},
  volume = {7},
  number = {75},
  pages = {4370},
  author = {Diederik Coppitters and Panagiotis Tsirikoglou and Ward De Paepe and Konstantinos Kyprianidis and Anestis Kalfas and Francesco Contino},
  title = {{RHEIA: Robust design optimization of renewable Hydrogen and dErIved energy cArrier systems}},
  journal = {Journal of Open Source Software}
}

@article{Limpens2020,
    title={Belgian Energy Transition: What Are the Options?},
    author={Limpens, Gauthier and Jeanmart, Herv{\'e} and Mar{\'e}chal, Francois},
    journal={Energies},
    volume={13},
    number={1},
    pages={261},
    year={2020},
    publisher={Multidisciplinary Digital Publishing Institute}
}

@article{Moret2017,
    author = {Moret, Stefano and {Codina Giron{\`{e}}s}, V{\'{i}}ctor and Bierlaire, Michel and Mar{\'{e}}chal, Fran{\c{c}}ois},
    journal = {Applied Energy},
    pages = {597--617},
    publisher = {Elsevier Ltd},
    title = {{Characterization of input uncertainties in strategic energy planning models}},
    volume = {202},
    year = {2017}
}

@phdthesis{Moret2017PhDThesis,
    author = {Moret, Stefano},
    number = {October},
    school = {EPFL},
    title = {{Strategic energy planning under uncertainty}},
    volume = {7961},
    year = {2017}
}

@article{rixhon2021role,
    title={The role of electrofuels under uncertainties for the Belgian energy transition},
    author={Rixhon, Xavier and Limpens, Gauthier and Coppitters, Diederik and Jeanmart, Herv{\'e} and Contino, Francesco},
    journal={Energies},
    volume={14},
    number={13},
    pages={4027},
    year={2021},
    publisher={MDPI}
}

@article{rixhon2022integration,
    title={Integration of non-energy among the end-use demands of bottom-up whole-energy system models},
    author={Rixhon, Xavier and Tonelli, Davide and Colla, Martin and Verleysen, Kevin and Limpens, Gauthier and Jeanmart, Herv{\'e} and Contino, Francesco},
    journal={Frontiers in Energy Research-Process and Energy Systems Engineering},
    volume={10},
    year={2022}
}

@misc{IEA_Nuke_2019,
    title={Nuclear Power in a Clean Energy System},
    author={{IEA}},
    institution={IEA},
    url = {https://www.iea.org/reports/nuclear-power-in-a-clean-energy-system},
    note = "License: CC BY 4.0",
    year={2019}
}

@article{EuropeanCommission2016,
  title={EU Reference Scenario 2016-Energy, transport and GHG emissions Trends to 2050.},
  author={Capros, Pantelis and De Vita, A and Tasios, N and Siskos, P and Kannavou, M and Petropoulos, A and Evangelopoulou, S and Zampara, M and Papadopoulos, D and Nakos, Ch and others},
  year={2016},
  doi = {10.2833/9127},
  journal={European Commission Directorate-General for Energy}
}

@book{EuropeanCommission2021,
    author = {European Commission and Directorate-General for Climate Action and Directorate-General for Energy and Directorate-General for Mobility and Transport and De Vita, A and Capros, P and Paroussos, L and Fragkiadakis, K and Karkatsoulis, P and Höglund-Isaksson, L and Winiwarter, W and Purohit, P and Gómez-Sanabria, A and Rafaj, P and Warnecke, L and Deppermann, A and Gusti, M and Frank, S and Lauri, P and Fulvio, F and Florou, A and Kannavou, M and Forsell, N and Fotiou, T and Siskos, P and Havlík, P and Tsiropoulos, I and Evangelopoulou, S and Witzke, P and Kesting, M and Katoufa, N and Mitsios, I and Asimakopoulou, G and Kalokyris, T},
    title = {EU reference scenario 2020 : energy, transport and GHG emissions : trends to 2050},
    publisher = {Publications Office},
    year = {2021},
    doi = {doi/10.2833/35750}
}

@article{limpens2023pathway,
    title={EnergyScope Pathway: an open-source model to optimise the energy transition pathways of a regional whole-energy system},
    author={Limpens, Gauthier and Rixhon, Xavier and Contino, Francesco and Jeanmart, Hervé},
    journal={Elsevier in Applied Energy},
    note={Under revision},
    year={(expected in) december 2023},
}

@misc{PATHS2050,
    title={PATHS2050 - The Power of Perspective},
    author={{EnergyVille}},
    howpublished = "\url{https://perspective2050.energyville.be/}",
    year={2022 (accessed December 2022)}
}

@article{Coppitters2019a,
    author = {Coppitters, Diederik and {De Paepe}, Ward and Contino, Francesco},
    journal = {Applied Energy},
    pages = {310--320},
    publisher = {Elsevier},
    title = {{Surrogate-assisted robust design optimization and global sensitivity analysis of a directly coupled photovoltaic-electrolyzer system under techno-economic uncertainty}},
    volume = {248},
    year = {2019}
}

@article{Sudret2014,
    title={Polynomial chaos expansions and stochastic finite element methods},
    author={Sudret, Bruno},
    journal={Risk and reliability in geotechnical engineering},
    pages={265--300},
    year={2014},
    publisher={CRC Press Boca Raton, FL}
}

@article{yue2018review,
  title={A review of approaches to uncertainty assessment in energy system optimization models},
  author={Yue, Xiufeng and Pye, Steve and DeCarolis, Joseph and Li, Francis GN and Rogan, Fionn and Gallach{\'o}ir, Brian {\'O}},
  journal={Energy strategy reviews},
  volume={21},
  pages={204--217},
  year={2018},
  publisher={Elsevier}
}

@article{bratley2003implementing,
  title={Implementing sobols quasirandom sequence generator (algorithm 659)},
  author={Bratley, P and Fox, B},
  journal={ACM Transactions on Mathematical Software},
  volume={29},
  number={1},
  pages={49--57},
  year={2003}
}

@article{moret2020overcapacity,
  title={Overcapacity in European power systems: Analysis and robust optimization approach},
  author={Moret, Stefano and Babonneau, Fr{\'e}d{\'e}ric and Bierlaire, Michel and Mar{\'e}chal, Fran{\c{c}}ois},
  journal={Applied Energy},
  volume={259},
  pages={113970},
  year={2020},
  publisher={Elsevier}
}

@article{CCGT_NDLS,
    author = {{De Volkskrant}},
    journal = {De Volkskrant},
    publisher = {De Volkskrant},
    title = {{Essent Legt Grote Centrale Stil - Archief - Voor Nieuws, Achtergronden En Columns}},
    year = {{February 2014}}
}

@article{mavromatidis2018uncertainty,
  title={Uncertainty and global sensitivity analysis for the optimal design of distributed energy systems},
  author={Mavromatidis, Georgios and Orehounig, Kristina and Carmeliet, Jan},
  journal={Applied Energy},
  volume={214},
  pages={219--238},
  year={2018},
  publisher={Elsevier}
}

@article{peace2008insights,
  title={Insights not numbers: the appropriate use of economic models},
  author={Peace, Janet and Weyant, John},
  journal={White paper of Pew Center on Global Climate Change},
  year={2008},
  publisher={Citeseer}
}

@article{dantzig1955linear,
  title={Linear programming under uncertainty},
  author={Dantzig, George B},
  journal={Management science},
  volume={1},
  number={3-4},
  pages={197--206},
  year={1955},
  publisher={Informs}
}

@book{marnay2006addressing,
  title={Addressing an uncertain future using scenario analysis},
  author={Marnay, Chris and Siddiqui, Afzal S},
  year={2006},
  publisher={Lawrence Berkeley National Laboratory}
}

@incollection{li2019renewables,
  title={Are renewables really that expensive? The impact of uncertainty on the cost of the energy transition},
  author={Li, Xiang and Moret, Stefano and Baldi, Francesco and Mar{\'e}chal, Fran{\c{c}}ois},
  booktitle={Computer Aided Chemical Engineering},
  volume={46},
  pages={1753--1758},
  year={2019},
  publisher={Elsevier}
}

@article{coppitters2021robust,
  title={Robust design optimization of a photovoltaic-battery-heat pump system with thermal storage under aleatory and epistemic uncertainty},
  author={Coppitters, Diederik and De Paepe, Ward and Contino, Francesco},
  journal={Energy},
  volume={229},
  pages={120692},
  year={2021},
  publisher={Elsevier}
}

@article{guevara2022modeling,
  title={Modeling uncertainty processes for multi-stage optimization of strategic energy planning: An auto-regressive and Markov chain formulation},
  author={Guevara, Esnil and Babonneau, Fr{\'e}d{\'e}ric and Homem-de-Mello, Tito},
  year={2022}
}

@inproceedings{limpens2020impact,
  title={The impact of uncertainties on the Belgian energy system: application of the Polynomial Chaos Expansion to the EnergyScope model.},
  author={Limpens, Gauthier and Coppitters, Diederik and Rixhon, Xavier and Contino, Francesco and Jeanmart, Herv{\'e}},
  booktitle={PROCEEDINGS OF ECOS 2020-THE 33RD INTERNATIONAL CONFERENCE},
  volume={33},
  pages={711},
  year={2020}
}

@misc{h2coalition,
  title={Shipping sun and wind to Belgium is key in climate neutral economy},
  author={{Hydrogen Import Coalition}},
  year={2021},
  howpublished = "\url{https://www.portofantwerp.com/sites/default/files/Hydrogen\%20Import\%20Coalition.pdf}"
}

@article{limpens2019energyscope,
  title={EnergyScope TD: A novel open-source model for regional energy systems},
  author={Limpens, Gauthier and Moret, Stefano and Jeanmart, Herv{\'e} and Mar{\'e}chal, Francois},
  journal={Applied Energy},
  volume={255},
  pages={113729},
  year={2019},
  publisher={Elsevier}
}

@article{millward2020providing,
  title={Providing decent living with minimum energy: A global scenario},
  author={Millward-Hopkins, Joel and Steinberger, Julia K and Rao, Narasimha D and Oswald, Yannick},
  journal={Global Environmental Change},
  volume={65},
  pages={102168},
  year={2020},
  publisher={Elsevier}
}

@misc{contino_sobriety,
  title={Francesco Contino (UCLouvain) : "Je milite pour la sobriété car l’efficacité énergétique ne suffit pas"},
  author={{Guillaume Woelfle}},
  year={2022},
  howpublished = "\url{https://www.rtbf.be/article/francesco-contino-uclouvain-je-milite-pour-la-sobriete-car-lefficacite-energetique-ne-suffit-pas-11125783}"
}

@article{rixhon2021terminology,
  title={Taxonomy of the fuels in a whole-energy system},
  author={Rixhon, Xavier and Limpens, Gauthier and Contino, Francesco and Jeanmart, Herv{\'e}},
  doi = {10.3389/fenrg.2021.660073},
  journal={Frontiers in Energy Research - Sustainable Energy Systems and Policies},
  year={2021},
  publisher={Frontiers}
}

@techreport{ELIA_2050,
  title={Electricity scenarios for Belgium towards 2050},
  author={ELIA},
  year={2017},
}

@article{eu2003directive,
  title={Directive 2003/30/EC of the European Parliament and of the Council of 8 May 2003 on the promotion of the use of biofuels or other renewable fuels for transport},
  author={EU-Commission and others},
  journal={Official Journal of the European Union},
  volume={5},
  year={2003}
}

@article{ellabban2014,
  title={Renewable energy resources: Current status, future prospects and their enabling technology},
  author={Ellabban, Omar and Abu-Rub, Haitham and Blaabjerg, Frede},
  journal={Renewable and Sustainable Energy Reviews},
  volume={39},
  pages={748--764},
  year={2014},
  publisher={Elsevier}
}

@misc{SCK-CEN_SMR,
  title={Small Modular Reactor (SMR)},
  author={{SCK-CEN}},
  howpublished = "\url{https://www.sckcen.be/en/expertises/nuclear-systems/small-modular-reactor-smr}",
  year={(Accessed July 2023)}
}

@article{nerini2017myopic,
  title={Myopic decision making in energy system decarbonisation pathways. A UK case study},
  author={Nerini, Francesco Fuso and Keppo, Ilkka and Strachan, Neil},
  journal={Energy strategy reviews},
  volume={17},
  pages={19--26},
  year={2017},
  publisher={Elsevier}
}

@article{licandeo2023assessing,
  title={Assessing the impacts of economy-wide emissions policies in the water, energy, and land systems considering water scarcity scenarios},
  author={Licandeo, Francisca and Flores, Francisco and Feijoo, Felipe},
  journal={Applied Energy},
  volume={342},
  pages={121115},
  year={2023},
  publisher={Elsevier}
}

@article{heuberger2018impact,
  title={Impact of myopic decision-making and disruptive events in power systems planning},
  author={Heuberger, Clara F and Staffell, Iain and Shah, Nilay and Mac Dowell, Niall},
  journal={Nature Energy},
  volume={3},
  number={8},
  pages={634--640},
  year={2018},
  publisher={Nature Publishing Group UK London}
}

@inproceedings{poncelet2016myopic,
  title={Myopic optimization models for simulation of investment decisions in the electric power sector},
  author={Poncelet, Kris and Delarue, Erik and Six, Daan and D'haeseleer, William},
  booktitle={2016 13th International Conference on the European Energy Market (EEM)},
  pages={1--9},
  year={2016},
  organization={IEEE}
}


@misc{ourworldindata_CO2_world,
  title={Global CO2 emissions from fossil fuels},
  author={{Our World in Data}},
  howpublished = "\url{https://ourworldindata.org/co2-emissions}",
  year={(Accessed July 2023)}
}

@techreport{IPCC_CO2_budget,
    title={Global Warming of 1.5°C. An IPCC Special Report on the impacts of global warming of 1.5°C above pre-industrial levels and related global greenhouse gas emission pathways, in the context of strengthening the global response to the threat of climate change, sustainable development, and efforts to eradicate poverty},
    author={{Intergovernmental Pael on Climate Change (IPCC)}},
    editor={{Cambridge University, Cambridge, UK and New York, NY, USA}},
    year={2018},
    pages={{3-24}},
}

@mastersthesis{dommisse2020modelling,
    title={Modelling of Low Carbon Energy Systems for 26 European Countries with EnergyScopeTD : Can European Energy Systems Reach Carbon Neutrality Independently?},
    author={Dommisse, Jeroen and Tychon, Jean-Louis},
    school = {UCLouvain},
    year={2020},
    url ={http://hdl.handle.net/2078.1/thesis:25202}
}

@misc{readthedocs_pathway,
    author = {Limpens, Gauthier},
    title = {{EnergyScope Pathway documentation}},
    url = {https://energyscope-pathway.readthedocs.io/en/v1.1/}
}

@article{babrowski2014reducing,
  title={Reducing computing time of energy system models by a myopic approach: A case study based on the PERSEUS-NET model},
  author={Babrowski, Sonja and Heffels, Tobias and Jochem, Patrick and Fichtner, Wolf},
  journal={Energy systems},
  volume={5},
  pages={65--83},
  year={2014},
  publisher={Springer}
}

@article{fais2016impact,
  title={Impact of technology uncertainty on future low-carbon pathways in the UK},
  author={Fais, Birgit and Keppo, Ilkka and Zeyringer, Marianne and Usher, Will and Daly, Hannah},
  journal={Energy Strategy Reviews},
  volume={13},
  pages={154--168},
  year={2016},
  publisher={Elsevier}
}

@book{stocker2014climate,
  title={Climate change 2013: the physical science basis: Working Group I contribution to the Fifth assessment report of the Intergovernmental Panel on Climate Change},
  author={Stocker, Thomas},
  year={2014},
  publisher={Cambridge university press}
}


@misc{eurostat_share_re_elec,
  title={Share of energy from renewable sources},
  author={{Eurostat}},
  howpublished = "\url{https://ec.europa.eu/eurostat/databrowser/view/NRG_IND_REN__custom_4442440/default/table?lang=en}",
  year={(Accessed April 2023)}
}

@mastersthesis{lefebvre2022electrofuel,
  title={Electrofuel supply in Belgium towards carbon neutrality, using EnergyScope TD to study its impact in 2030 and 2050},
  author={Lefebvre, Cédric and Van Brussel, Simon},
  school = {UCLouvain},
  year={2022},
  url ={https://dial.uclouvain.be/memoire/ucl/en/object/thesis%3A35660}
}

@article{Turati2017,
    author = {Turati, Pietro and Pedroni, Nicola and Zio, Enrico},
    journal = {Reliability Engineering and System Safety},
    pages = {317--330},
    publisher = {Elsevier},
    title = {{Simulation-based exploration of high-dimensional system models for identifying unexpected events}},
    volume = {165},
    year = {2017}
}

@article{coppitters2023optimizing,
  title={Optimizing upside variability and antifragility in renewable energy system design},
  author={Coppitters, Diederik and Contino, Francesco},
  journal={Scientific Reports},
  volume={13},
  number={1},
  pages={9138},
  year={2023},
  publisher={Nature Publishing Group UK London}
}

@article{pickering2022diversity,
  title={Diversity of options to eliminate fossil fuels and reach carbon neutrality across the entire European energy system},
  author={Pickering, Bryn and Lombardi, Francesco and Pfenninger, Stefan},
  journal={Joule},
  volume={6},
  number={6},
  pages={1253--1276},
  year={2022},
  publisher={Elsevier}
}